@inproceedings{Howard2019,
	author = {A. Howard and M. Sandler and G. Chu and L.-C. Chen and B. Chen and M. Tan and W. Wang and Y. Zhu and R. Pang and V. Vasudevan et al.},
	title = {Searching for MobileNetV3},
	booktitle = {Proceedings of the IEEE International Conference on Computer Vision (ICCV)},
	year = {2019}
}

@article{Zoph2017,
	author = {B. Zoph and Q. V. Le},
	title = {Neural Architecture Search with Reinforcement Learning},
	journal = {arXiv preprint arXiv:1611.01578},
	year = {2017}
}

@inproceedings{Tan2019,
	author = {M. Tan and B. Chen and R. Pang and V. Vasudevan and M. Sandler and A. Howard and Q. V. Le},
	title = {MnasNet: Platform-Aware Neural Architecture Search for Mobile},
	booktitle = {Proceedings of the IEEE Conference on Computer Vision and Pattern Recognition (CVPR)},
	year = {2019}
}

@inproceedings{Zoph2018,
	author = {B. Zoph and V. Vasudevan and J. Shlens and Q. V. Le},
	title = {Learning Transferable Architectures for Scalable Image Recognition},
	booktitle = {Proceedings of the IEEE Conference on Computer Vision and Pattern Recognition (CVPR)},
	year = {2018}
}

@article{Liu2018,
	author = {H. Liu and K. Simonyan and Y. Yang},
	title = {DARTS: Differentiable Architecture Search},
	journal = {arXiv preprint arXiv:1806.09055},
	year = {2018}
}

@article{Wang2021,
	author = {R. Wang and M. Cheng and X. Chen and X. Tang and C.-J. Hsieh},
	title = {Rethinking Architecture Selection in Differentiable NAS},
	journal = {arXiv preprint arXiv:2108.04392},
	year = {2021}
}

@article{Zela2019,
	author = {A. Zela and T. Elsken and T. Saikia and Y. Marrakchi and T. Brox and F. Hutter},
	title = {Understanding and Robustifying Differentiable Architecture Search},
	journal = {arXiv preprint arXiv:1909.09656},
	year = {2019}
}

@inproceedings{Pham2018,
	author = {H. Pham and M. Guan and B. Zoph and Q. Le and J. Dean},
	title = {Efficient Neural Architecture Search via Parameters Sharing},
	booktitle = {Proceedings of the International Conference on Machine Learning (ICML)},
	year = {2018}
}

@article{Cai2018,
	author = {H. Cai and L. Zhu and S. Han},
	title = {ProxylessNAS: Direct Neural Architecture Search on Target Task and Hardware},
	journal = {arXiv preprint arXiv:1812.00332},
	year = {2018}
}

@article{Xu2019,
	author = {Y. Xu and L. Xie and X. Zhang and X. Chen and G.-J. Qi and Q. Tian and H. Xiong},
	title = {PC-DARTS: Partial Channel Connections for Memory-Efficient Architecture Search},
	journal = {arXiv preprint arXiv:1907.05737},
	year = {2019}
}

@article{Zela2020,
	author = {A. Zela and J. Siems and F. Hutter},
	title = {NAS-Bench-1Shot1: Benchmarking and Dissecting One-Shot Neural Architecture Search},
	journal = {arXiv preprint arXiv:2001.10422},
	year = {2020}
}

@article{Siems2020,
	author = {J. Siems and L. Zimmer and A. Zela and J. Lukasik and M. Keuper and F. Hutter},
	title = {NAS-Bench-301 and the Case for Surrogate Benchmarks for Neural Architecture Search},
	journal = {arXiv preprint arXiv:2008.09777},
	year = {2020}
}

@article{Li2020,
	author = {L. Li and A. Talwalkar},
	title = {Random Search and Reproducibility for Neural Architecture Search},
	journal = {Proceedings of the International Conference on Machine Learning (PMLR)},
	year = {2020}
}

@article{Zhang2020,
	author = {Y. Zhang and Z. Lin and J. Jiang and Q. Zhang and Y. Wang and H. Xue and C. Zhang and Y. Yang},
	title = {Deeper Insights into Weight Sharing in Neural Architecture Search},
	journal = {arXiv preprint arXiv:2001.01431},
	year = {2020}
}

@article{Pourchot2020,
	author = {A. Pourchot and A. Ducarouge and O. Sigaud},
	title = {To Share or Not to Share: A Comprehensive Appraisal of Weight-Sharing},
	journal = {arXiv preprint arXiv:2002.04289},
	year = {2020}
}

@article{Xie2018,
	author = {S. Xie and H. Zheng and C. Liu and L. Lin},
	title = {SNAS: Stochastic Neural Architecture Search},
	journal = {arXiv preprint arXiv:1812.09926},
	year = {2018}
}

@inproceedings{Real2019,
	author = {E. Real and A. Aggarwal and Y. Huang and Q. V. Le},
	title = {Regularized Evolution for Image Classifier Architecture Search},
	booktitle = {Proceedings of the AAAI Conference on Artificial Intelligence},
	year = {2019}
}

@inproceedings{Liu2018Progressive,
	author = {C. Liu and B. Zoph and M. Neumann and J. Shlens and W. Hua and L.-J. Li and L. Fei-Fei and A. Yuille and J. Huang and K. Murphy},
	title = {Progressive Neural Architecture Search},
	booktitle = {Proceedings of the European Conference on Computer Vision (ECCV)},
	year = {2018}
}

@inproceedings{Li2020SGAS,
	author = {G. Li and G. Qian and I. C. Delgadillo and M. Muller and A. Thabet and B. Ghanem},
	title = {SGAS: Sequential Greedy Architecture Search},
	booktitle = {Proceedings of the IEEE Conference on Computer Vision and Pattern Recognition (CVPR)},
	year = {2020}
}

@inproceedings{Duplyakin2019,
	author = {D. Duplyakin and R. Ricci and A. Maricq and G. Wong and J. Duerig and E. Eide and L. Stoller and M. Hibler and D. Johnson and K. Webb et al.},
	title = {The Design and Operation of CloudLab},
	booktitle = {Proceedings of the USENIX Annual Technical Conference},
	year = {2019}
}
