@article{preskill2018quantum,
	author = {J. Preskill},
	title = {Quantum Computing in the NISQ era and beyond},
	journal = {Quantum},
	volume = {2},
	pages = {79},
	year = {2018}
}

@inproceedings{das2019case,
	author = {P. Das and others},
	title = {A Case for Multi-Programming Quantum Computers},
	booktitle = {Micro},
	year = {2019}
}

@misc{ibm2020quantum,
	title = {IBM Quantum Experience},
	note = {\url{https://quantum-computing.ibm.com/}, Accessed April 2,2020}
}

@inproceedings{li2019tackling,
	author = {G. Li and others},
	title = {Tackling the qubit mapping problem for NISQ-era quantum devices},
	booktitle = {ASPLOS},
	year = {2019}
}
