@article{ref1,
	author = {I. K. Park and N. Singhal and M. H. Lee and S. Cho and C. Kim},
	title = {Design and performance evaluation of image processing algorithms on GPUs},
	journal = {IEEE Transactions on Parallel and Distributed Systems},
	volume = {22},
	number = {1},
	pages = {91--104},
	year = {2011}
}

@inproceedings{ref2,
	author = {M. Gao and J. Pu and X. Yang and M. Horowitz and C. Kozyrakis},
	title = {Tetris: Scalable and efficient neural network acceleration with 3D memory},
	booktitle = {ACM SIGARCH Computer Architecture News},
	volume = {45},
	number = {1},
	pages = {751--764},
	year = {2017},
	organization = {ACM}
}

@inproceedings{ref3,
	author = {C. Xie and S. L. Song and J. Wang and W. Zhang and X. Fu},
	title = {Processing-in-memory enabled graphics processors for 3D rendering},
	booktitle = {2017 IEEE International Symposium on High Performance Computer Architecture (HPCA)},
	pages = {637--648},
	year = {2017},
	organization = {IEEE}
}

@inproceedings{ref4,
	author = {A. Bakhoda and G. L. Yuan and W. W. Fung and H. Wong and T. M. Aamodt},
	title = {Analyzing CUDA workloads using a detailed GPU simulator},
	booktitle = {2009 IEEE International Symposium on Performance Analysis of Systems and Software},
	pages = {163--174},
	year = {2009},
	organization = {IEEE}
}

@techreport{ref5,
	author = {NVIDIA Corporation},
	title = {GTX 980: Featuring Maxwell, the most advanced GPU ever made},
	year = {2014},
	institution = {NVIDIA Corporation},
	type = {White paper}
}

@misc{ref6,
	author = {NVIDIA},
	title = {NVIDIA CUDA SDK 4.2},
	year = {2011}
}

@inproceedings{ref7,
	author = {S. Grauer-Gray and L. Xu and R. Searles and S. Ayalasomayajula and J. Cavazos},
	title = {Auto-tuning a high-level language targeted to GPU codes},
	booktitle = {2012 Innovative Parallel Computing (InPar)},
	pages = {1--10},
	year = {2012},
	organization = {IEEE}
}
